<record xmlns='http://www.loc.gov/MARC21/slim'><leader>01271cim a22003492u 4500</leader><controlfield tag='001'>3601860</controlfield><controlfield tag='005'>20151214182950.0</controlfield><controlfield tag='007'>ss|lmnjluz|nuu</controlfield><controlfield tag='008'>991101s1982    nyunnn         l    eng d</controlfield><datafield ind1=' ' ind2=' ' tag='035'><subfield code='a'>(NIC)notisASF8925</subfield></datafield><datafield ind1=' ' ind2=' ' tag='035'><subfield code='a'>3601860</subfield></datafield><datafield ind1=' ' ind2=' ' tag='035'><subfield code='a'>(OCoLC)63898374</subfield></datafield><datafield ind1=' ' ind2=' ' tag='040'><subfield code='a'>NIC</subfield><subfield code='c'>NIC</subfield><subfield code='d'>NIC</subfield><subfield code='d'>NIC</subfield></datafield><datafield ind1='1' ind2=' ' tag='100'><subfield code='a'>Hartigan, Grace.</subfield></datafield><datafield ind1='1' ind2='0' tag='245'><subfield code='a'>Lecturing on her work</subfield><subfield code='h'>[sound recording]</subfield></datafield><datafield ind1=' ' ind2=' ' tag='260'><subfield code='c'>1982.</subfield></datafield><datafield ind1=' ' ind2=' ' tag='300'><subfield code='a'>1 sound cassette :</subfield><subfield code='b'>analog, mono.</subfield></datafield><datafield ind1=' ' ind2=' ' tag='500'><subfield code='a'>Recorded in Ithaca, NY by Cornell University.</subfield></datafield><datafield ind1=' ' ind2=' ' tag='500'><subfield code='a'>Sponsored by: Art, Department of.</subfield></datafield><datafield ind1=' ' ind2=' ' tag='500'><subfield code='a'>Speaker(s): Painter; Director, Haffburger Graduate School of Painting, Merrill Institute.</subfield></datafield><datafield ind1=' ' ind2=' ' tag='518'><subfield code='a'>Lecture, March 23, 1982.</subfield></datafield><datafield ind1=' ' ind2=' ' tag='520'><subfield code='a'>Hartigan discusses her background as an artist and gives a slide show of her works, discussing the history of each painting.</subfield></datafield><datafield ind1=' ' ind2=' ' tag='540'><subfield code='a'>No reproductions authorized.</subfield></datafield><datafield ind1='1' ind2='0' tag='600'><subfield code='a'>Hartigan, Grace.</subfield></datafield><datafield ind1=' ' ind2='0' tag='650'><subfield code='a'>Painting, American.</subfield></datafield><datafield ind1=' ' ind2='0' tag='650'><subfield code='a'>Art, American.</subfield></datafield><datafield ind1='1' ind2='7' tag='600'><subfield code='a'>Hartigan, Grace</subfield><subfield code='2'>fast</subfield><subfield code='0'>(OCoLC)fst00083199</subfield></datafield><datafield ind1=' ' ind2='7' tag='650'><subfield code='a'>Art, American</subfield><subfield code='2'>fast</subfield><subfield code='0'>(OCoLC)fst00815895</subfield></datafield><datafield ind1=' ' ind2='7' tag='650'><subfield code='a'>Painting, American</subfield><subfield code='2'>fast</subfield><subfield code='0'>(OCoLC)fst01050648</subfield></datafield><datafield ind1='1' ind2=' ' tag='899'><subfield code='a'>CULectures</subfield></datafield><datafield ind1=' ' ind2=' ' tag='905'><subfield code='a'>20000407120000.0</subfield></datafield><datafield ind1='2' ind2=' ' tag='948'><subfield code='a'>20141221</subfield><subfield code='b'>m</subfield><subfield code='d'>batch</subfield><subfield code='e'>lts</subfield><subfield code='x'>addfast</subfield></datafield></record>